<?xml version="1.0" encoding="UTF-8"?><collection xmlns="http://www.loc.gov/MARC21/slim"><record><leader>00549nam--2200193-u-4500</leader><controlfield tag="001">000053422</controlfield><controlfield tag="002">20161230</controlfield><controlfield tag="005">20161230201051</controlfield><controlfield tag="008">110404s1000------------r-----000-0-eng-d</controlfield><datafield ind1=" " ind2=" " tag="020"><subfield code="a">0792337948</subfield></datafield><datafield ind1=" " ind2=" " tag="040"><subfield code="a">IFIN-HH</subfield></datafield><datafield ind1=" " ind2=" " tag="080"><subfield code="a">530.145:531.01</subfield></datafield><datafield ind1="1" ind2=" " tag="100"><subfield code="a">Schroeck, Franklin E</subfield></datafield><datafield ind1="1" ind2="0" tag="245"><subfield code="a">Quantum mechanics on phase space</subfield><subfield code="c">Franklin e. schroeck, jr</subfield></datafield><datafield ind1=" " ind2=" " tag="260"><subfield code="a">Dordrecht</subfield><subfield code="b">Kluwer Academic Publishers</subfield><subfield code="c">1996</subfield></datafield><datafield ind1=" " ind2=" " tag="300"><subfield code="a">668</subfield></datafield><datafield ind1=" " ind2=" " tag="490"><subfield code="a">Fundamental Theories Of Physics</subfield><subfield code="v">Vol. 74</subfield></datafield><datafield ind1=" " ind2=" " tag="852"><subfield code="a">81525</subfield><subfield code="c">530.145</subfield></datafield><datafield ind1=" " ind2=" " tag="CAT"><subfield code="a">Sys</subfield><subfield code="c">20110404</subfield><subfield code="h">095832</subfield></datafield></record></collection>